<?xml version="1.0" encoding="UTF-8" ?>
<collection xmlns:xsi="http://www.w3.org/2001/XMLSchema-instance"
    xsi:schemaLocation="http://www.loc.gov/MARC21/slim
        http://www.loc.gov/standards/marcxml/schema/MARC21slim.xsd"
    xmlns="http://www.loc.gov/MARC21/slim">
<record>
  <leader>00287cam a2200565 i 4500</leader>
  <controlfield tag="001">b12473947</controlfield>
  <controlfield tag="003">LeBAU</controlfield>
  <controlfield tag="005">20170623</controlfield>
  <controlfield tag="008">970530s1933    le            ||0 0 ara d</controlfield>
  <datafield tag="035" ind1=" " ind2=" ">
    <subfield code="a">ocn784333514</subfield>
  </datafield>
  <datafield tag="040" ind1=" " ind2=" ">
    <subfield code="a">LEAUB</subfield>
    <subfield code="b">ara</subfield>
    <subfield code="e">rda</subfield>
    <subfield code="c">LEAUB</subfield>
    <subfield code="d">LEAUB</subfield>
  </datafield>
  <datafield tag="082" ind1="0" ind2="4">
    <subfield code="a">398.21</subfield>
    <subfield code="2">22</subfield>
  </datafield>
  <datafield tag="100" ind1="0" ind2=" ">
    <subfield code="6">880-01</subfield>
    <subfield code="a">Baydabā,</subfield>
    <subfield code="e">author.</subfield>
  </datafield>
  <datafield tag="245" ind1="1" ind2="0">
    <subfield code="6">880-02</subfield>
    <subfield code="a">Kalīlah wa-Dimnah /</subfield>
    <subfield code="c">li-Baydbā al-Faylasūf al-Hindī ; ta‘rīb ‘Abd Allāh ibn al-Muqaffa‘.</subfield>
  </datafield>
  <datafield tag="250" ind1=" " ind2=" ">
    <subfield code="6">880-03</subfield>
    <subfield code="a">Ṭab‘ah jadīdah munaqqaḥah.</subfield>
  </datafield>
  <datafield tag="264" ind1=" " ind2="1">
    <subfield code="6">880-04</subfield>
    <subfield code="a">Bayrūt :</subfield>
    <subfield code="b">Maktabat Ṣādir,</subfield>
    <subfield code="c">1933.</subfield>
  </datafield>
  <datafield tag="300" ind1=" " ind2=" ">
    <subfield code="6">880-05</subfield>
    <subfield code="a">272 pages ;</subfield>
    <subfield code="c">20 cm</subfield>
  </datafield>
  <datafield tag="336" ind1=" " ind2=" ">
    <subfield code="a">text</subfield>
    <subfield code="b">txt</subfield>
    <subfield code="2">rdacontent</subfield>
  </datafield>
  <datafield tag="337" ind1=" " ind2=" ">
    <subfield code="a">unmediated</subfield>
    <subfield code="b">n</subfield>
    <subfield code="2">rdamedia</subfield>
  </datafield>
  <datafield tag="338" ind1=" " ind2=" ">
    <subfield code="a">volume</subfield>
    <subfield code="b">nc</subfield>
    <subfield code="2">rdacarrier</subfield>
  </datafield>
  <datafield tag="650" ind1=" " ind2="4">
    <subfield code="a">الخرافات الحيوانية</subfield>
    <subfield code="v">اعمال قديمة حتى 1800.</subfield>
  </datafield>
  <datafield tag="650" ind1=" " ind2="0">
    <subfield code="a">Fables</subfield>
    <subfield code="v">Early works to 1800.</subfield>
  </datafield>
  <datafield tag="700" ind1="0" ind2=" ">
    <subfield code="6">880-06</subfield>
    <subfield code="a">Ibn al-Muqaffaʻ,</subfield>
    <subfield code="d">-approximately 760,</subfield>
    <subfield code="e">translator.</subfield>
  </datafield>
  <datafield tag="775" ind1="0" ind2=" ">
    <subfield code="6">880-07</subfield>
    <subfield code="t">Kalīlah wa-Dimnah.</subfield>
    <subfield code="b">al-Ṭab‘ah al-khāmisah</subfield>
    <subfield code="d">Miṣr : al-Maktabah al-Tijārīyah al-Kubrá, [between 1935 and 1950]</subfield>
    <subfield code="w">(OCoLC)784505897</subfield>
    <subfield code="w">(OCoLC)784505897</subfield>
  </datafield>
  <datafield tag="775" ind1="0" ind2=" ">
    <subfield code="6">880-08</subfield>
    <subfield code="t">Kitāb Kalīlah wa-dimnah</subfield>
    <subfield code="d">Bayrūt : Dār Ṣa‘b, 1980</subfield>
    <subfield code="w">b17559364</subfield>
  </datafield>
  <datafield tag="775" ind1="0" ind2=" ">
    <subfield code="6">880-09</subfield>
    <subfield code="t">Kalīlah wa-dimnah</subfield>
    <subfield code="d">Bayrūt : al-Sharikah al-Lubnānīyah lil-Kitāb, 1969</subfield>
    <subfield code="w">(OCoLC)784333493</subfield>
    <subfield code="w">(OCoLC)784333493</subfield>
  </datafield>
  <datafield tag="775" ind1="0" ind2=" ">
    <subfield code="6">880-10</subfield>
    <subfield code="t">Kalīlah wa-dimnah</subfield>
    <subfield code="d">Bayrūt : al-Maṭba‘ah al-‘Ilmīyah, 1896</subfield>
    <subfield code="w">(OCoLC)784555632</subfield>
    <subfield code="w">(OCoLC)784555632</subfield>
  </datafield>
  <datafield tag="775" ind1="0" ind2=" ">
    <subfield code="6">880-11</subfield>
    <subfield code="t">Aqdam nuskhah makhṭūṭah mu’arrakhah li-kitāb Kalīlah wa-Dimnah</subfield>
    <subfield code="d">Bayrūt : Maṭba‘at al-Ābā’ al-Yasū‘īyīn, 1923</subfield>
    <subfield code="w">(OCoLC)784549125</subfield>
    <subfield code="w">(OCoLC)784549125</subfield>
  </datafield>
  <datafield tag="775" ind1="0" ind2=" ">
    <subfield code="6">880-12</subfield>
    <subfield code="t">Kitāb Kalīlah wa-dimnah</subfield>
    <subfield code="d">Miṣr : Maṭba‘at al-Ma‘ārif wa-Maktabatuhā, 1941</subfield>
    <subfield code="w">(OCoLC)784505902</subfield>
    <subfield code="w">(OCoLC)784505902 </subfield>
  </datafield>
  <datafield tag="775" ind1="0" ind2=" ">
    <subfield code="6">880-13</subfield>
    <subfield code="t">Kitāb Kalīlah wa-dimnah</subfield>
    <subfield code="d">Bayt al-Dīn : Maṭba‘at Mulḥim Najjār al-Lubnānīyah, 1868</subfield>
    <subfield code="w">(OCoLC)936117240</subfield>
    <subfield code="w">(OCoLC)936117240</subfield>
  </datafield>
  <datafield tag="775" ind1="0" ind2=" ">
    <subfield code="6">880-14</subfield>
    <subfield code="t">Kitāb Kalīlah wa-dimnah.</subfield>
    <subfield code="b">Bayrūt : Dār al-Andalus, 1382 H. = 1963 M.</subfield>
    <subfield code="d">بيروت : دار الأندلس، 1382 هـ. = 1963 م.</subfield>
    <subfield code="w">(OCoLC)</subfield>
    <subfield code="w">(OCoLC)</subfield>
  </datafield>
  <datafield tag="852" ind1=" " ind2=" ">
    <subfield code="a">Jafet Archives and Special Collections</subfield>
    <subfield code="e">American University of Beirut, Bliss Street, Beirut, ‎Lebanon.‎</subfield>
  </datafield>
  <datafield tag="880" ind1="0" ind2=" ">
    <subfield code="6">100-01/(3/r</subfield>
    <subfield code="a">بيدبا،</subfield>
    <subfield code="e">مؤلف. </subfield>
    <subfield code="4">aut.</subfield>
  </datafield>
  <datafield tag="880" ind1="1" ind2="0">
    <subfield code="6">245-02/(3/r</subfield>
    <subfield code="a">كليلة ودمنة /</subfield>
    <subfield code="c">لبيدبا الفيلسوف الهندي ؛ تعريب عبد الله بن المقفع.</subfield>
  </datafield>
  <datafield tag="880" ind1=" " ind2=" ">
    <subfield code="6">250-03/(3/r</subfield>
    <subfield code="a">طبعة جديدة منقحة.</subfield>
  </datafield>
  <datafield tag="880" ind1=" " ind2="1">
    <subfield code="6">264-04/(3/r</subfield>
    <subfield code="a">بيروت :</subfield>
    <subfield code="b">مكتبة صادر،</subfield>
    <subfield code="c">1933.</subfield>
  </datafield>
  <datafield tag="880" ind1=" " ind2=" ">
    <subfield code="6">300-05/(3/r</subfield>
    <subfield code="a">272 صفحة ؛</subfield>
    <subfield code="c">20 سم</subfield>
  </datafield>
  <datafield tag="880" ind1="0" ind2=" ">
    <subfield code="6">700-06/(3/r</subfield>
    <subfield code="a">ابن المقفع،</subfield>
    <subfield code="d">-حوالي 760،</subfield>
    <subfield code="e">مترجم. </subfield>
    <subfield code="4">trl.</subfield>
  </datafield>
  <datafield tag="880" ind1="0" ind2=" ">
    <subfield code="6">775-07/(3/r</subfield>
    <subfield code="t">كليلة ودمنة.</subfield>
    <subfield code="b">الطبعة الخامسة</subfield>
    <subfield code="d">مصر : المكتبة التجارية الكبرى، [ما بين 1935 و 1950؟]</subfield>
    <subfield code="w">b12761679</subfield>
    <subfield code="w">(OCoLC)784505897</subfield>
  </datafield>
  <datafield tag="880" ind1="0" ind2=" ">
    <subfield code="6">775-08/(3/r</subfield>
    <subfield code="t">كتاب كليلة ودمنة</subfield>
    <subfield code="d">بيروت : دار صعب، 1980</subfield>
    <subfield code="w">b17559364</subfield>
  </datafield>
  <datafield tag="880" ind1="0" ind2=" ">
    <subfield code="6">775-09/(3/r</subfield>
    <subfield code="t">كليلة ودمنة</subfield>
    <subfield code="d">بيروت : الشركة اللبنانية للكتاب، 1969</subfield>
    <subfield code="w">b12473844</subfield>
    <subfield code="w">(OCoLC)784333493</subfield>
  </datafield>
  <datafield tag="880" ind1="0" ind2=" ">
    <subfield code="6">775-10/(3/r</subfield>
    <subfield code="t">كليلة ودمنة</subfield>
    <subfield code="d">بيروت : المطبعة العلمية، 1896</subfield>
    <subfield code="w">b13514696</subfield>
    <subfield code="w">(OCoLC)784555632</subfield>
  </datafield>
  <datafield tag="880" ind1="0" ind2=" ">
    <subfield code="6">775-11/(3/r</subfield>
    <subfield code="t">أقدم نسخة مخطوطة مؤرخة لكتاب كليلة ودمنة</subfield>
    <subfield code="d">بيروت : مطبعة الآباء اليسوعيين، 1923 </subfield>
    <subfield code="w">b13348838</subfield>
    <subfield code="w">(OCoLC)784549125</subfield>
  </datafield>
  <datafield tag="880" ind1="0" ind2=" ">
    <subfield code="6">775-12/(3/r</subfield>
    <subfield code="t">كتاب كليلة ودمنة</subfield>
    <subfield code="d">مصر : مطبعة المعارف ومكتبتها، 1941</subfield>
    <subfield code="w">b12761692</subfield>
    <subfield code="w">(OCoLC)784505902</subfield>
  </datafield>
  <datafield tag="880" ind1="0" ind2=" ">
    <subfield code="6">775-13/(3/r</subfield>
    <subfield code="t">كتاب كليلة ودمنة</subfield>
    <subfield code="d">بيت الدين : مطبعة ملحم نجار اللبنانية، 1868</subfield>
    <subfield code="w">b17665589</subfield>
    <subfield code="w">(OCoLC)936117240</subfield>
  </datafield>
  <datafield tag="880" ind1="0" ind2=" ">
    <subfield code="6">775-14/(3/r</subfield>
    <subfield code="t">كتاب كليلة ودمنة.</subfield>
    <subfield code="b">الطبعة الأولى</subfield>
    <subfield code="w">b18374797</subfield>
    <subfield code="w">(OCoLC)</subfield>
  </datafield>
  <datafield tag="907" ind1=" " ind2=" ">
    <subfield code="a">.b12473947</subfield>
    <subfield code="b">17-07-11</subfield>
    <subfield code="c">11-05-24</subfield>
  </datafield>
  <datafield tag="907" ind1=" " ind2=" ">
    <subfield code="a">.b12473947</subfield>
    <subfield code="b">15-10-15</subfield>
    <subfield code="c">11-05-24</subfield>
  </datafield>
  <datafield tag="945" ind1=" " ind2=" ">
    <subfield code="f">CA</subfield>
    <subfield code="a">398.21:K144ifA:c.1</subfield>
    <subfield code="i">01024384</subfield>
    <subfield code="j">.i12957793</subfield>
    <subfield code="l">u0304</subfield>
  </datafield>
  <datafield tag="998" ind1=" " ind2=" ">
    <subfield code="a">u03</subfield>
    <subfield code="b">97-05-30</subfield>
    <subfield code="c">m</subfield>
    <subfield code="d">a</subfield>
    <subfield code="e">-</subfield>
    <subfield code="f">ara</subfield>
    <subfield code="g">le </subfield>
    <subfield code="h">0</subfield>
    <subfield code="i">1</subfield>
  </datafield>
</record>
</collection>
